

@article{Reshef2016,
author={Reshef, Yakir A and Reshef, David N and Finucane, Hilary K and Sabeti, Pardis C and Mitzenmacher, Michael},
title={Measuring dependence powerfully and equitably},
journaltitle={The Journal of Machine Learning Research},
publisher={JMLR. org},
date={2016},
volume={17},
number={1},
pages={7406--7468},
}

@article{Reshef2011,
author={Reshef, David N and Reshef, Yakir A and Finucane, Hilary K and Grossman, Sharon R and McVean, Gilean and Turnbaugh, Peter J and Lander, Eric S and Mitzenmacher, Michael and Sabeti, Pardis C},
title={Detecting novel associations in large data sets},
journaltitle={science},
publisher={American Association for the Advancement of Science},
date={2011},
volume={334},
number={6062},
pages={1518--1524},
}

@article{einstein,
    author = "Albert Einstein",
    title = "{Zur Elektrodynamik bewegter K{\"o}rper}. ({German})
    [{On} the electrodynamics of moving bodies]",
    journal = "Annalen der Physik",
    volume = "322",
    number = "10",
    pages = "891--921",
    year = "1905",
    DOI = "http://dx.doi.org/10.1002/andp.19053221004",
    keywords = "physics"
}
